@article{Darwiche2011,
author = {Darwiche, Adnan},
doi = {10.5591/978-1-57735-516-8/IJCAI11-143},
file = {:Users/sholtzen/Documents/Mendeley Desktop/Darwiche/IJCAI International Joint Conference on Artificial Intelligence/143.pdf:pdf},
isbn = {9781577355120},
issn = {10450823},
journal = {IJCAI International Joint Conference on Artificial Intelligence},
keywords = {Knowledge Representation, Reasoning, and Logic},
pages = {819--826},
title = {{SDD: A new canonical representation of propositional knowledge bases}},
year = {2011}
}

@article{Vlasselaer,
author = {Vlasselaer, Jonas and Renkens, Joris and Broeck, Guy Van Den and Raedt, Luc De},
file = {:Users/sholtzen/Documents/Mendeley Desktop/Vlasselaer et al/Unknown/plp{\_}sdd.pdf:pdf},
title = {{Compiling Probabilistic Logic Programs into Sentential Decision Diagrams}}
}
